@book{nnalrm,
  title={Neural Networks and Learning Machines},
  author={Haykin, S.S.},
  number={Bd. 10},
  isbn={9780131471399},
  lccn={2008034079},
  series={Neural networks and learning machines},
  year={2009},
  publisher={Prentice Hall}
}

@misc{example2,
	TITLE = "Example 2",
	HOWPUBLISHED = "\url{http://www.example.com/}",
	AUTHOR = "Nachname, Vorname",
	YEAR = "2016",
	NOTE = "[Online; accessed 14-January-2016]"
}